@article{hansson1985generating,
  title={Generating Admissible Heuristics by Criticizing Solutions to Relaxed Models},
  author={Hansson, Othar and Mayer, Andrew E and Yung, Moti},
  year={1985}
}

@book{russell_norvig_davis_2010,
  title={Artificial Intelligence: A Modern Approach},
  publisher={Prentice Hall},
  author={Russell, Stuart J. and Norvig, Peter and Davis, Ernest},
  year={2010}
}

@inproceedings{holte2010common,
  title={Common Misconceptions Concerning Heuristic Search},
  author={Holte, Robert C},
  booktitle={Third Annual Symposium on Combinatorial Search},
  year={2010}
}
